@book{HerbertF:1965:Dune,
  title  = {{Dune}},
  author = {Herbert, Frank},
  isbn   = {978-044-10135-93},
  series = {Dune Chronicles, Book 1},
  pages  = {1--704},
  url    = {http://www.dunenovels.com/novel/dune},
  year   = {1965}
}
